@book{train,
	author = {Kenneth Train},
	title = {Discrete Choice Models with Simulation},
	year = 2002,
	publisher = {Cambridge University Press},
}

@article{sternSimulation,
	author = {Steven Stern},
	title = {Simulation-Based Estimation},
	journal = {Journal of Economic Literature},
	year = {1997},
}

@article{jeliazkov2008,
	author = {Ivan Jeliazkov, Jennifer Graves, Martin Kutzbach},
	title = {Fitting and Comparison of Models For Multivariate Ordinal Outcomes},
	journal = {Bayesian Econometrics},
	year = {2008},
}

@article{jeliazkovLee,
	author = {Ivan Jeliazkov, Esther Lee},
	title = {MCMC Perspectives on Simulated Likelihood Estimation},
	journal = {Advances in Econometrics},
	year = {2010},
}

@article{stern1992,
	author = {Steven Stern},
	title = {A Method for Smoothing Simulated Moments of Discrete Probabilities in Multinomial},
	journal = {Econometrica},
	year = {1992},
}

@article{chib1995,
	author = {Siddartha Chib},
	title = "Marginal Likelihood from the {G}ibbs Output",
	journal = {Journal of the American Statistical Association},
	year = {1995},
}

@article{nelderMeadAdaptive,
	author = {Fuchang Gao, Lixing Han},
	title = {Implementing the {N}elder-{M}ead simplex algorithm with adaptive parameters},
	journal = {Computational Optimization and Applications},
	year = {2012},
}

@book{numericalMatlab, 
	author = {John H. Matthews, Kurtis K. Fink}
	title = {Numerical Methods Using Matlab}
	year = {2004}
	publisher = {Prentice Hall}
	
	}
	
	
